
@article{nakamoto2008bitcoin,
  title={Bitcoin: A peer-to-peer electronic cash system},
  author={Nakamoto, Satoshi},
  journal={Decentralized Business Review},
  pages={21260},
  year={2008}
}

@article{buterin2014ethereum,
  title={Ethereum: A next-generation smart contract and decentralized application platform},
  author={Buterin, Vitalik},
  journal={URL: https://ethereum.org/whitepaper},
  year={2014}
}

@online{erc3643,
  author = {EIP-3643},
  title = {T-REX - Token for Regulated EXchanges},
  year = {2021},
  url = {https://eips.ethereum.org/EIPS/eip-3643}
}

@online{rse2017stats,
  author = {{Rwanda Stock Exchange}},
  title = {Annual Statistics},
  year = {2017},
  url = {https://rse.rw/market-statistics/Annual-Statistics/},
  urldate = {2025-07-18}
}

@online{xie2023zktls,
  author = {Xie, Tianyu and Song, Fujie and Li, Cheng and Zhang, Bin},
  title = {TLS Metadata Analysis Across Network Intermediaries},
  year = {2023},
  url = {https://eprint.iacr.org/2023/964.pdf},
  eprint = {2023/964},
  institution = {Cryptology ePrint Archive},
  urldate = {2023}
}

@online{dagas2024mpctls,
  author = {Dagas, Yingjie and Wang, Chengyan and Wang, Xinyu and Lan, Xiaoxiao and Guo, Haoyu and Lin, Xiaoming},
  title = {Practical zk-MPC for TLS Connection Establishment},
  year = {2024},
  url = {https://arxiv.org/pdf/2409.17670},
  eprint = {2409.17670},
  archivePrefix = {arXiv},
  urldate = {2024}
}

@online{afdb2024scaling,
  author = {{African Development Bank}},
  title = {Scaling up financing is key to accelerating Africa's structural transformation},
  year = {2024},
  url = {https://www.afdb.org/en/news-and-events/scaling-financing-key-accelerating-africas-structural-transformation-73244}
}

@online{uniswap2024onchain,
  author = {{Uniswap Labs}},
  title = {Onchain FX: The Future of Cross-Border Payments},
  year = {2024},
  url = {https://app.uniswap.org/OnchainFX.pdf}
}

@online{uniswapv4whitepaper,
  author = {{Uniswap Labs}},
  title = {Uniswap v4 Core},
  year = {2023},
  url = {https://app.uniswap.org/whitepaper-v4.pdf}
}

@online{compound2019whitepaper,
  author = {{Compound Labs}},
  title = {Compound: The Money Market Protocol},
  year = {2019},
  url = {https://compound.finance/documents/Compound.Whitepaper.pdf}
}

@online{aave2020whitepaper,
  author = {{Aave}},
  title = {Aave Protocol Whitepaper V1.0},
  year = {2020},
  url = {https://www.cryptocompare.com/media/38553941/aave_protocol_whitepaper_v1_0.pdf}
}

@online{morphoblue2023whitepaper,
  author = {{Morpho Labs}},
  title = {Morpho Blue},
  year = {2023},
  url = {https://github.com/morpho-org/morpho-blue/blob/main/morpho-blue-whitepaper.pdf}
}

@article{blackscholes1973pricing,
  title = {The Pricing of Options and Corporate Liabilities},
  author = {Black, Fischer and Scholes, Myron},
  journal = {Journal of Political Economy},
  volume = {81},
  number = {3},
  pages = {637--654},
  year = {1973},
  publisher = {University of Chicago Press},
  url = {https://www.cs.princeton.edu/courses/archive/fall09/cos323/papers/black_scholes73.pdf}
}

@online{vialabs2024bridge,
  author = {{VIA Labs}},
  title = {Cross-Chain Infrastructure for Digital Assets},
  year = {2024},
  url = {https://vialabs.io/}
}
